@article{Fisher:2007:DTV:1276377.1276447,
 author = {Fisher, Matthew and Schr\"{o}der, Peter and Desbrun, Mathieu and Hoppe, Hugues},
 title = {Design of tangent vector fields},
 journal = {ACM Trans. Graph.},
 issue_date = {July 2007},
 volume = {26},
 number = {3},
 month = jul,
 year = {2007},
 issn = {0730-0301},
 articleno = {56},
 url = {http://doi.acm.org/10.1145/1276377.1276447},
 doi = {10.1145/1276377.1276447},
 acmid = {1276447},
 publisher = {ACM},
 address = {New York, NY, USA},
 keywords = {constrained Laplace and Poisson problems for 1-forms, discrete differential 1-forms, discrete exterior calculus, texture synthesis},
} 

@incollection {DMK08,
   author = {Desbrun, Mathieu and Kanso, Eva and Tong, Yiying},
   affiliation = {California Institute of Technology MS 256-80 Pasadena CA 91125 USA},
   title = {Discrete Differential Forms for Computational Modeling},
   booktitle = {Discrete Differential Geometry},
   series = {Oberwolfach Seminars},
   editor = {Bobenko, Alexander I. and Sullivan, John M. and Schr\"{o}der, Peter and Ziegler, G\"{u}nter M.},
   publisher = {Birkh\"{a}user Basel},
   isbn = {978-3-7643-8621-4},
   keyword = {Mathematics and Statistics},
   pages = {287-324},
   volume = {38},
   year = {2008}
}

@article{Gortler,
title = "Discrete one-forms on meshes and applications to 3D mesh parameterization",
journal = "Computer Aided Geometric Design",
volume = "23",
number = "2",
pages = "83 - 112",
year = "2006",
note = "",
issn = "0167-8396",
doi = "10.1016/j.cagd.2005.05.002",
url = "http://www.sciencedirect.com/science/article/pii/S0167839605000531",
author = "Steven J. Gortler and Craig Gotsman and Dylan Thurston",
keywords = "Computer graphics",
keywords = "Parameterization",
keywords = "Embedding",
keywords = "One-form",
keywords = "Manifold mesh"
}

@book{globalAnalysis,
  title={Globale Analysis},
  author={Agricola, I. and Friedrich, T.},
  isbn={9783528031541},
  url={http://books.google.ch/books?id=jNjyaS\_2qq0C},
  year={2001},
  publisher={Vieweg}
}

@book{guillemin1974differential,
  title={Differential Topology},
  author={Guillemin, V. and Pollack, A.},
  isbn={9780132126052},
  lccn={lc74004115},
  series={Mathematics Series},
  year={1974},
  publisher={Prentice-Hall}
}

@book{carmo1992differentialgeometrie,
  title={Differentialgeometrie von Kurven und Fl{\"a}chen},
  author={Carmo, M.P.},
  isbn={9783528172558},
  series={Vieweg Studium},
  year={1992},
  publisher={Vieweg}
}

@article {CGF:CGF1289,
author = {Mullen, Patrick and Tong, Yiying and Alliez, Pierre and Desbrun, Mathieu},
title = {Spectral Conformal Parameterization},
journal = {Computer Graphics Forum},
volume = {27},
number = {5},
publisher = {Blackwell Publishing Ltd},
issn = {1467-8659},
url = {http://dx.doi.org/10.1111/j.1467-8659.2008.01289.x},
doi = {10.1111/j.1467-8659.2008.01289.x},
pages = {1487--1494},
year = {2008},
}

@article {CGF:CGF580,
author = {Desbrun, Mathieu and Meyer, Mark and Alliez, Pierre},
title = {Intrinsic Parameterizations of Surface Meshes},
journal = {Computer Graphics Forum},
volume = {21},
number = {3},
publisher = {Blackwell Publishing, Inc},
issn = {1467-8659},
url = {http://dx.doi.org/10.1111/1467-8659.00580},
doi = {10.1111/1467-8659.00580},
pages = {209--218},
year = {2002},
}

@inproceedings{laplacebeltrami,
  author={Mark Meyer and Mathieu Desbrun and Peter Schr{\"o}der and Alan H. Barr},
  title={Discrete Differential-Geometry Operators for Triangulated 2-Manifolds},
  booktitle={Proc. VisMath},
  year={2002},
  pages={35--57}
}

@inproceedings{Wardetzky:2007:DLO:1281991.1281995,
 author = {Wardetzky, Max and Mathur, Saurabh and K\"{a}lberer, Felix and Grinspun, Eitan},
 title = {Discrete laplace operators: no free lunch},
 booktitle = {Proceedings of the fifth Eurographics symposium on Geometry processing},
 series = {SGP '07},
 year = {2007},
 isbn = {978-3-905673-46-3},
 location = {Barcelona, Spain},
 pages = {33--37},
 numpages = {5},
 url = {http://dl.acm.org/citation.cfm?id=1281991.1281995},
 acmid = {1281995},
 publisher = {Eurographics Association},
 address = {Aire-la-Ville, Switzerland, Switzerland},
} 

@inproceedings{Desbrun:1999:IFI:311535.311576,
 author = {Desbrun, Mathieu and Meyer, Mark and Schr\"{o}der, Peter and Barr, Alan H.},
 title = {Implicit fairing of irregular meshes using diffusion and curvature flow},
 booktitle = {Proceedings of the 26th annual conference on Computer graphics and interactive techniques},
 series = {SIGGRAPH '99},
 year = {1999},
 isbn = {0-201-48560-5},
 pages = {317--324},
 numpages = {8},
 url = {http://dx.doi.org/10.1145/311535.311576},
 doi = {10.1145/311535.311576},
 acmid = {311576},
 publisher = {ACM Press/Addison-Wesley Publishing Co.},
 address = {New York, NY, USA},
} 

@ARTICLE{2011arXiv1102.1411C,
   author = {{Colding}, T.~H. and {Minicozzi}, II, W.~P.},
    title = "{Minimal surfaces and mean curvature flow}",
  journal = {ArXiv e-prints},
archivePrefix = "arXiv",
   eprint = {1102.1411},
 primaryClass = "math.DG",
 keywords = {Mathematics - Differential Geometry},
     year = 2011,
    month = feb,
   adsurl = {http://adsabs.harvard.edu/abs/2011arXiv1102.1411C},
  adsnote = {Provided by the SAO/NASA Astrophysics Data System}
}

@book{bachman2006geometric,
  title={A Geometric Approach to Differential Forms},
  author={Bachman, D.},
  isbn={9780817645205},
  lccn={2006930548},
  year={2006},
  publisher={Birkh{\"a}user}
}

@article{Floater200319,
title = "Mean value coordinates",
journal = "Computer Aided Geometric Design",
volume = "20",
number = "1",
pages = "19 - 27",
year = "2003",
note = "",
issn = "0167-8396",
doi = "10.1016/S0167-8396(03)00002-5",
author = "Michael S. Floater",
keywords = "Barycentric coordinates",
keywords = "Harmonic function",
keywords = "Mean value theorem",
keywords = "Parameterization",
keywords = "Morphing"
}

@inproceedings{Tong:2006:DQD:1281957.1281983,
 author = {Tong, Y. and Alliez, P. and Cohen-Steiner, D. and Desbrun, M.},
 title = {Designing quadrangulations with discrete harmonic forms},
 booktitle = {Proceedings of the fourth Eurographics symposium on Geometry processing},
 series = {SGP '06},
 year = {2006},
 isbn = {3-905673-36-3},
 location = {Cagliari, Sardinia, Italy},
 pages = {201--210},
 numpages = {10},
 url = {http://dl.acm.org/citation.cfm?id=1281957.1281983},
 acmid = {1281983},
 publisher = {Eurographics Association},
 address = {Aire-la-Ville, Switzerland, Switzerland},
} 

@article{citeulike:10093792,
    author = {Persson, Per O. and Strang, Gilbert},
    issn = {00361445},
    journal = {SIAM Review},
    number = {2},
    pages = {329--345},
    publisher = {Society for Industrial and Applied Mathematics},
    title = {{A Simple Mesh Generator in Matlab}},
    url = {http://www.jstor.org/stable/20453511},
    volume = {46},
    year = {2004}
}

@article{citeulike:2398873,
    author = {Warren, Joe and Schaefer, Scott and Hirani, Anil and Desbrun, Mathieu},
    doi = {10.1007/s10444-005-9008-6},
    journal = {Advances in Computational Mathematics},
    keywords = {approximation, interpolation},
    month = oct,
    number = {3},
    pages = {319--338},
    title = {{Barycentric coordinates for convex sets}},
    url = {http://dx.doi.org/10.1007/s10444-005-9008-6},
    volume = {27},
    year = {2007}
}

@article{Elcott:2007:SCS:1189762.1189766,
 author = {Elcott, Sharif and Tong, Yiying and Kanso, Eva and Schr\"{o}der, Peter and Desbrun, Mathieu},
 title = {Stable, circulation-preserving, simplicial fluids},
 journal = {ACM Trans. Graph.},
 issue_date = {January 2007},
 volume = {26},
 number = {1},
 month = jan,
 year = {2007},
 issn = {0730-0301},
 articleno = {4},
 url = {http://doi.acm.org/10.1145/1189762.1189766},
 doi = {10.1145/1189762.1189766},
 acmid = {1189766},
 publisher = {ACM},
 address = {New York, NY, USA},
 keywords = {Fluid animation, Lie advection, stable fluids, vorticity preservation}
} 

@article{pardiso1,
title = "Solving unsymmetric sparse systems of linear equations with PARDISO",
journal = "Future Generation Computer Systems",
volume = "20",
number = "3",
pages = "475 - 487",
year = "2004",
issn = "0167-739X",
doi = "10.1016/j.future.2003.07.011",
url = "http://www.sciencedirect.com/science/article/pii/S0167739X03001882",
author = "Schenk, Olaf and Gartner, Klaus",
keywords = "Computational sciences",
keywords = "Numerical linear algebra",
keywords = "Direct solver",
keywords = "Unsymmetric linear systems"
}

@Mastersthesis{kirtap,
  title={Vector Field Guided Surface Crack Patterns},
  author = {Patrik Rauber},
  year={2012},
  school = {Institute of Computer Science and Applied mathematics, University of Bern},
  month = {August}
}

@article{hirani03,
	location = {http://www.scientificcommons.org/7862380},
	title = {Discrete exterior calculus},
	author = {Hirani, Anil N.},
	year = {2003},
	keywords = {Computer Science with minors in Mathematics and CDS},
	url = {http://resolver.caltech.edu/CaltechETD:etd-05202003-095403},
	institution = {NDLTD Union Catalog [http://alcme.oclc.org/ndltd/servlet/OAIHandler] (United States)},
}